@online{Universidad Carlos III de Madrid, RoboticsLab,
author = {L.Moreno et al.},
title = {Fast Marching},
date = {2014-12-19},
url = {roboticslab.uc3m.es/roboticslab/research/fast-marching},
}